
@book{birkenbihl_kommunikationstraining:_2011,
	address = {München},
	edition = {32},
	title = {Kommunikationstraining: {Zwischenmenschliche} {Beziehungen} erfolgreich gestalten},
	isbn = {978-3-636-07253-5},
	shorttitle = {Kommunikationstraining},
	abstract = {Diese Buch ist wichtig für jeden, der sich und andere besser verstehen will und durch die "richtige" Anwendung der Kommunikationsregeln zu mehr Lebensfreude und Ansehen im Beruf gelangen möchte. Ob in Partnerschaft, Beruf, in Schule und Familie, ob geschäftlich oder privat - die "richtige" Kommunikation erleichtert auch in schwierigen Situationen den Erfolg im Leben. Mit dem "Kommunikationstraining" lernt jeder, die Reaktionen seiner Mitmenschen besser zu interpretieren, andere besser zu vertstehen. Auf diese Weise vertieft man sowohl seine Menschenkenntnis als auch seine Fähigkeit, sich selbst zu begreifen, und es fällt zum Beispiel weniger schwer, andere erfolgreich für eine Sache zu motivieren. Zahlreiche einfache Übungen, Experimente und Spiele "illustrieren" die theoretischen Ausführungen; so macht es Spaß, sich dieses Wissen anzueignen.},
	language = {Deutsch},
	publisher = {mvg Verlag},
	author = {Birkenbihl, Vera F.},
	year = {2011},
	keywords = {Thesenpapier}
}

@book{haug_erfolgreich_2008,
	address = {München},
	edition = {4},
	title = {Erfolgreich im {Team}: {Praxisnahe} {Anregungen} für effizientes {Teamcoaching} und {Projektarbeit}},
	isbn = {978-3-406-58226-4},
	shorttitle = {Erfolgreich im {Team}},
	abstract = {Machen Sie als Teamleiter/ Führungskraft Ihr Team noch erfolgreicher! Team- und Projektarbeit ist Teil eines neuen Arbeitsparadigmas, das die Art der Arbeit und Leistungserbringung komplett neu definiert. Als fatal erweist sich dabei, dass Team- und Projektarbeit häufig falsch verstanden und fehlerhaft umgesetzt wird: Die einen messen überwiegend den „weichen Faktoren“ der Teamarbeit, große Bedeutung zu, die anderen halten nur die „harten Faktoren“ für maßgeblich. Außerdem glauben viele Führungskräfte, Teams müssten sich selbst führen und organisieren können. Die Folgen dieser Irrtümer sind oft für alle Beteiligten fatal oder zumindest höchst frustrierend. Die tatsächliche Führungsleistung besteht in der situativ angemessenen Berücksichtigung und Steuerung aller drei Aspekte.  In diesem Buch erfahren Sie, wie Sie als Führungskraft, Team- oder Projektleiter effiziente und produktive Zusammenarbeit in Ihrem Tätigkeitsfeld realisieren und ihre Mannschaft zu Höchstleistungen entwickeln können.},
	language = {Deutsch},
	publisher = {dtv Verlagsgesellschaft},
	author = {Haug, Christoph von},
	month = dec,
	year = {2008},
	keywords = {Thesenpapier}
}

@book{wilhelm_prozessorganisation_2007,
	address = {München},
	edition = {2},
	title = {Prozessorganisation},
	isbn = {978-3-486-58302-1},
	abstract = {In der betrieblichen Praxis ist mittlerweile unumstritten, dass eine systematische Auseinandersetzung mit den Prozessen des Unternehmens unumgänglich ist. Es ist jedoch nicht immer klar, wie diese Erkenntnis umgesetzt werden kann. Hierzu gibt dieses Buch Hilfestellungen. Zunächst werden theoretische und methodische Grundlagen behandelt. Im Mittelpunkt steht dabei, wie betriebliche Prozesse mit verschiedenen Darstellungsmitteln visualisiert werden können. Der Hauptteil des Buchs ist den Kernprozessen gewidmet, die in einem Unternehmen 'normalerweise' stattfinden – Produktplanung, Auftragsannahme, Angebotserstellung, Entwicklung und Fertigung, Konzipierung und Durchführung von Dienstleistungen, Projektabwicklung, Beschaffung, Bearbeitung von Kundenbeschwerden. Für diese Prozesse werden idealtypische Abläufe vorgestellt.},
	language = {Deutsch},
	publisher = {R. Oldenbourg Verlag},
	author = {Wilhelm, Rudolf},
	month = apr,
	year = {2007}
}

@book{kurose_computernetzwerke:_2014,
	address = {Hallbergmoos},
	edition = {6},
	title = {Computernetzwerke: {Der} {Top}-{Down}-{Ansatz}},
	isbn = {978-3-86894-237-8},
	shorttitle = {Computernetzwerke},
	abstract = {Das Lehrbuch Computernetzwerke vermittelt in der vorliegenden Bachelorausgabe das Grundwissen von den traditionellen bis hin zu den modernen Datenbankanwendungen.  Mit Erweiterungen im Bereich der Multimedianetzwerke und aktualisierten Materialen zu drahtlosen Netzwerktechnologien bietet dieses Lehrbuch in der 6. Auflage die aktuellste Beschreibung von Technologien und Modellen im Bereich von Telekommunikationssystemen, Computernetzen und Internet.Das Buch stellt in seiner sechsten Auflage Technologien und Modelle im Bereich des Internets, der Telekommunikationssysteme und der Computernetze dar und ist das führende Lehrbuch in diesem Bereich. Dieser Erfolg ist sicher nicht zuletzt dem gewählten innovativen didaktischen Top-Down-Ansatz zu verdanken: James Kurose und Keith Ross, beide angesehene Experten auf dem Gebiet der Computernetzwerke, besprechen die Schichten des Protokollstapels ausgehend von spezifischen Anwendungen von oben nach unten. Aufbauend auf dem Erfolg früherer Auflagen stützt sich auch die nun vorliegende sechste Auflage unmittelbar auf anwendungsbezogene Aspekte und bietet dem Leser durch anschauliche Praxisbeispiele einen leichten Zugang zu den präsentierten Technologien und Modellen. Diese Auflage wurde grundlegend aktualisiert und an moderne Entwicklungen angepasst, mit umfassenden Erweiterungen etwa im Bereich der Multimedianetzwerke und aktualisierten Materialien zu drahtlosen Netzwerktechnologien.Das Buch richtet sich neben Studierenden der Informatik auch an Praktiker, die mit Rechnernetzen arbeiten. Umfangreiche Übungen, Beispiele und Lösungen, die als Zusatzmaterial auf der Website zum Buch erhältlich sind, runden dieses einzigartige und moderne Lehrwerk ab. EXTRAS ONLINE:Für Dozenten: Alle Abbildungen aus dem Buch zum Einsatz in der LehreFür Studenten: Weiterführende Links und Informationen, Lösungshinweise zu den Aufgaben im Buch, zahlreiche SimulationsbeipieleAUS DEM INHALT:Kapitel 1 Computernetze und das InternetKapitel 2 Anwendungsschicht: das Web und HTTP, E-Mail, Peer-to-Peer-NetzwerkeKapitel 3 Transportschicht: TCP und UDP, zuverlässige Datenübertragung, Netzwerkschicht und Routing: IPv4 und IPv6, RIP, OSPF, BGP, MulticastKapitel 4 Netzwerkschicht und Routing: IPv4 und IPv6, RIP, OSPF, BGP, MulticastKapitel 5 Die Sicherungsschicht und Lokalen Netze: Mehrfachzugriff, Ethernet, Switching, VLANsKapitel 6 Drahtlose und mobile Netzwerke: WLAN, Mobilfunk, Mobile IPKapitel 7 Multimedianetzwerke: Streaming, Internettelefonie, CDNs, QoSKapitel 8 Sicherheit in Computernetzen: Firewalls, IPsec, PGPKapitel 9 Netzwerkmanagement: SNMP, SMI, ASN.1JAMES KUROSE ist Professor für Informatik an der University of Massachusetts, Amherst, und wurde mehrfach für seine Lehre ausgezeichnet.KEITH ROSS ist Professor am Polytechnic Institute der New York University und Inhaber des Leonard J. Shustek Lehrstuhls für Informatik.},
	language = {Deutsch},
	publisher = {Pearson Studium},
	author = {Kurose, James F. and Ross, Keith W.},
	month = mar,
	year = {2014}
}

@misc{noauthor_mac_2019,
	title = {{MAC} address},
	copyright = {Creative Commons Attribution-ShareAlike License},
	url = {https://en.wikipedia.org/w/index.php?title=MAC_address&oldid=899105800},
	abstract = {A media access control address (MAC address) of a device is a unique identifier assigned to a network interface controller (NIC). For communications within a network segment, it is used as a network address for most IEEE 802 network technologies, including Ethernet, Wi-Fi, and Bluetooth. Within the Open Systems Interconnection (OSI) model, MAC addresses are used in the medium access control protocol sublayer of the data link layer. As typically represented, MAC addresses are recognizable as six groups of two hexadecimal digits, separated by hyphens, colons, or no separator (see Notational conventions below).
A MAC address may be referred to as the burned-in address, and is also known as an Ethernet hardware address, hardware address, and physical address (not to be confused with a memory physical address).
A network node with multiple NICs must have a unique MAC address for each. Sophisticated network equipment such as a multilayer switch or router may require one or more permanently assigned MAC addresses.
MAC addresses are most often assigned by the manufacturer of network interface cards. Each is stored in hardware, such as the card's read-only memory or by a firmware mechanism. A MAC address typically includes the manufacturer's organizationally unique identifier (OUI). MAC addresses are formed according to the principles of two numbering spaces based on Extended Unique Identifiers (EUI) managed by the Institute of Electrical and Electronics Engineers (IEEE): EUI-48, which replaces the obsolete term MAC-48, and EUI-64.},
	language = {en},
	urldate = {2019-06-09},
	journal = {Wikipedia},
	month = may,
	year = {2019},
	note = {Page Version ID: 899105800},
	file = {Snapshot:/Users/dominicluidold/Zotero/storage/KT7E7UHW/index.html:text/html;Snapshot:/Users/dominicluidold/Zotero/storage/VXG8DST9/index.html:text/html}
}

@misc{inductiveload_structure_2007,
	title = {Structure of a 48-bit {MAC} address},
	shorttitle = {English},
	url = {https://commons.wikimedia.org/wiki/File:MAC-48_Address.svg},
	abstract = {English: Diagram showing the structure of a MAC-48 network address, explicitly showing the positions of the multicast/unicast bit and the OUI/local address type bit.},
	urldate = {2019-06-09},
	author = {Inductiveload, modified/corrected by Kju},
	month = mar,
	year = {2007},
	file = {Wikimedia Snapshot:/Users/dominicluidold/Zotero/storage/YQK76H92/FileMAC-48_Address.html:text/html}
}

@misc{noauthor_transmission_2019,
	title = {Transmission {Control} {Protocol}},
	copyright = {Creative Commons Attribution-ShareAlike License},
	url = {https://de.wikipedia.org/w/index.php?title=Transmission_Control_Protocol&oldid=189516478},
	abstract = {Das Transmission Control Protocol (TCP, engl., zu deutsch Übertragungssteuerungsprotokoll) ist ein Netzwerkprotokoll, das definiert, auf welche Art und Weise Daten zwischen Netzwerkkomponenten ausgetauscht werden sollen. Nahezu sämtliche aktuellen Betriebssysteme moderner Computer beherrschen TCP und nutzen es für den Datenaustausch mit anderen Rechnern. Das Protokoll ist ein zuverlässiges, verbindungsorientiertes, paketvermitteltes Transportprotokoll in Computernetzwerken. Es ist Teil der Internetprotokollfamilie, der Grundlage des Internets.
Entwickelt wurde TCP von Robert E. Kahn und Vinton G. Cerf. Ihre Forschungsarbeit, die sie im Jahre 1973 begannen, dauerte mehrere Jahre. Die erste Standardisierung von TCP erfolgte deshalb erst im Jahre 1981 als RFC 793. Danach gab es viele Erweiterungen, die bis heute in neuen RFCs, einer Reihe von technischen und organisatorischen Dokumenten zum Internet, spezifiziert werden.
Im Unterschied zum verbindungslosen UDP (User Datagram Protocol) stellt TCP eine Verbindung zwischen zwei Endpunkten einer Netzverbindung (Sockets) her. Auf dieser Verbindung können in beide Richtungen Daten übertragen werden. TCP setzt in den meisten Fällen auf das IP (Internet-Protokoll) auf, weshalb häufig (und oft nicht ganz korrekt) auch vom „TCP/IP-Protokoll“ die Rede ist. In Protokollstapeln wie dem OSI-Modell sind TCP und IP nicht auf derselben Schicht angesiedelt. TCP ist eine Implementierung der Transportschicht.
Aufgrund seiner vielen positiven Eigenschaften (Datenverluste werden erkannt und automatisch behoben, Datenübertragung ist in beiden Richtungen möglich, Netzüberlastung wird verhindert usw.) ist TCP ein sehr weit verbreitetes Protokoll zur Datenübertragung. Beispielsweise wird TCP als fast ausschließliches Transportmedium für das WWW, E-Mail und viele andere populäre Netzdienste verwendet.},
	language = {de},
	urldate = {2019-06-16},
	journal = {Wikipedia},
	month = jun,
	year = {2019},
	note = {Page Version ID: 189516478},
	file = {Snapshot:/Users/dominicluidold/Zotero/storage/5K5II5EG/index.html:text/html}
}

@misc{snubcube_tcp-handshake_2010,
	title = {{TCP}-{Handshake}},
	copyright = {Permission is granted to copy, distribute and/or modify this document under the terms of the GNU Free Documentation License, Version 1.2 or any later version published by the Free Software Foundation; with no Invariant Sections, no Front-Cover Texts, and no Back-Cover Texts. A copy of the license is included in the section entitled GNU Free Documentation License.http://www.gnu.org/copyleft/fdl.htmlGFDLGNU Free Documentation Licensetruetrue},
	shorttitle = {Italiano},
	url = {https://commons.wikimedia.org/wiki/File:Tcp-handshake.svg},
	abstract = {Italiano: Es un diagrama del comienzo de una conexión TCP.Deutsch: Diagramm des Beginns einer TCP-VerbindungEnglish: Diagram of the initialisation (handshake) of a TCP connection.},
	urldate = {2019-06-16},
	author = {Snubcube},
	month = oct,
	year = {2010},
	file = {Wikimedia Snapshot:/Users/dominicluidold/Zotero/storage/25MT8VLB/FileTcp-handshake.html:text/html}
}

@book{projekt_management_austria_pm_2018,
	address = {Wien},
	edition = {Version 3.1},
	title = {pm baseline},
	url = {https://www.pma.at/files/downloads/219/pm-baseline-v31.pdf},
	language = {Deutsch},
	urldate = {2019-12-16},
	author = {{Projekt Management Austria}},
	month = jul,
	year = {2018},
	file = {Projekt Management Austria - 2018 - pm baseline.pdf:/Users/dominicluidold/Zotero/storage/SW3MCK6M/Projekt Management Austria - 2018 - pm baseline.pdf:application/pdf}
}

@misc{orourke_loot_2019,
	title = {Loot boxes have opened a debate on gaming and a route into gambling},
	url = {https://www.irishtimes.com/life-and-style/health-family/loot-boxes-have-opened-a-debate-on-gaming-and-a-route-into-gambling-1.3841884},
	abstract = {Loot boxes are like shiny lucky-dip bags that are treated as a form of early gambling in several countries},
	language = {en},
	urldate = {2020-01-11},
	journal = {The Irish Times},
	author = {O'Rourke, Barry},
	month = apr,
	year = {2019}
}

@misc{viswanath_gambling_2019,
	title = {With gambling mechanics in video games under investigation in the {UK}, is the day of reckoning finally upon the industry?},
	shorttitle = {With gambling mechanics in video games under investigation in the {UK}, is the day of reckoning finally upon the industry?},
	url = {https://www.firstpost.com/tech/news-analysis/with-gambling-mechanics-in-video-games-under-investigation-in-the-uk-is-the-day-of-reckoning-finally-upon-the-industry-7339861.html},
	abstract = {A few days ago, the Digital, Culture, Media and Sport Committee of the House of Commons published a report on immersive and addictive technologies. As part of their investigation, the committee studied the nature and impact of loot boxes and other chance-based mechanics and from the look of things, their findings are nothing short of damning.},
	urldate = {2020-01-05},
	journal = {Tech2},
	author = {Viswanath, Vinay},
	month = sep,
	year = {2019},
	file = {Snapshot:/Users/dominicluidold/Zotero/storage/EG56IB2R/with-gambling-mechanics-in-video-games-under-investigation-in-the-uk-is-the-day-of-reckoning-fi.html:text/html}
}

@misc{henry_nba_2019,
	title = {{NBA} {2K20} {Trailer} {Slammed} for {Casino} and {Gambling} {Mechanics}},
	url = {https://gamerant.com/nba-2k20-casino-gambling-controversy/},
	abstract = {A new NBA 2K20 MyTeam trailer is criticized for its aggressive use of casino and gambling mechanics such as loot boxes and slot machines.},
	language = {en-US},
	urldate = {2020-01-08},
	journal = {Game Rant},
	author = {Henry, Jasmine},
	month = aug,
	year = {2019},
	file = {Snapshot:/Users/dominicluidold/Zotero/storage/83DSG5DP/nba-2k20-casino-gambling-controversy.html:text/html}
}

@misc{lomas_how_2019,
	title = {How {Popular} {Video} {Games} {Fool} {Your} {Brain} to {Steal} {Your} {Money}},
	url = {https://www.youtube.com/watch?v=9cpVp1M8_4w&feature=youtu.be},
	abstract = {Go to https://NordVPN.com/thoughty or use code THOUGHTY2 to get a special holiday gift of 81\% off a 3-year plan for 4 additional months PLUS NordPass for free!

Get The Thoughty2 Book: https://unbound.com/books/thoughty2/
Get 24h early access to all my videos: http://bit.ly/t2club
Subscribe - new video every week http://bit.ly/thoughty2
Thoughty2 Instagram: http://bit.ly/t2insta
Thoughty2 Website: http://thoughty2.com},
	urldate = {2020-01-08},
	author = {Lomas, Arran},
	month = dec,
	year = {2019}
}

@misc{atlassian_git_2020,
	title = {Git {Feature} {Branch} {Workflow}},
	url = {https://www.atlassian.com/git/tutorials/comparing-workflows/feature-branch-workflow},
	abstract = {Learn if this Git branching model is right for you and your team with this deep dive into the Git Feature Branch Workflow.},
	language = {en},
	urldate = {2020-09-13},
	journal = {Atlassian},
	author = {{Atlassian}},
	year = {2020},
	file = {Snapshot:/Users/dominicluidold/Zotero/storage/2YCTHZRZ/feature-branch-workflow.html:text/html}
}

@misc{tutorials_point_i_pvt_ltd_symfony_nodate,
	title = {Symfony - {Architecture}},
	url = {https://www.tutorialspoint.com/symfony/symfony_architecture.htm},
	urldate = {2020-08-07},
	author = {{Tutorials Point (I) Pvt. Ltd.}},
	file = {Symfony - Architecture - Tutorialspoint:/Users/dominicluidold/Zotero/storage/YXUMQQ34/symfony_architecture.html:text/html}
}

@misc{tutorials_point_i_pvt_ltd_symfony_nodate-1,
	title = {Symfony - {Introduction}},
	url = {https://www.tutorialspoint.com/symfony/symfony_introduction.htm},
	urldate = {2020-08-07},
	author = {{Tutorials Point (I) Pvt. Ltd.}},
	file = {Symfony - Introduction - Tutorialspoint:/Users/dominicluidold/Zotero/storage/DXGNPCB3/symfony_introduction.html:text/html}
}

@misc{fusonic_gmbh_web_2020,
	title = {Web, {Mobile}, {Desktop}-{Anwendungen}},
	url = {https://www.fusonic.net/de/leistungen/},
	abstract = {Entwicklung von Web, Mobile und Desktop-Anwendungen für Windows, macOS, Linux, iOS und Android.},
	language = {de},
	urldate = {2020-08-04},
	journal = {Fusonic, Vorarlberg},
	author = {{Fusonic GmbH}},
	year = {2020},
	file = {Snapshot:/Users/dominicluidold/Zotero/storage/JG54KMXC/leistungen.html:text/html}
}

@misc{symfony_symfony_2020,
	title = {The {Symfony} {Framework} {Best} {Practices} ({Symfony} {Best} {Practices})},
	url = {https://symfony.com/doc/current/best_practices.html},
	abstract = {The Symfony Framework Best Practices: This article describes the best practices for developing web applications with Symfony that fit the philosophy envisioned by the original Symfony creators. If you...},
	language = {en},
	urldate = {2020-08-06},
	author = {{Symfony}},
	year = {2020},
	note = {Library Catalog: symfony.com},
	file = {Snapshot:/Users/dominicluidold/Zotero/storage/9BG3YUMU/best_practices.html:text/html}
}

@misc{young_cqrs_2010,
	title = {{CQRS} {Introduction}},
	url = {https://cqrs.wordpress.com/documents/cqrs-introduction/},
	abstract = {This chapter will introduce the concept of Command and Query Responsibility Segregation. It will look at how the separation of roles in the system can lead towards a much more effective architectur…},
	language = {en},
	urldate = {2020-08-09},
	journal = {CQRS},
	author = {Young, Greg},
	month = nov,
	year = {2010},
	file = {Snapshot:/Users/dominicluidold/Zotero/storage/5VFP4BYN/cqrs-introduction.html:text/html}
}

@misc{heimeshoff_cqrs_2013,
	title = {{CQRS} – neues {Architekturprinzip} zur {Trennung} von {Befehlen} und {Abfragen}},
	url = {https://www.heise.de/developer/artikel/CQRS-neues-Architekturprinzip-zur-Trennung-von-Befehlen-und-Abfragen-1797489.html?seite=all},
	abstract = {Command Query Responsibility Segregation ist ein erfolgreicher Gegenentwurf zum klassischen Schichtenmodell für Systeme mit parallelem Nutzerzugriff. Das Prinzip fordert eine Aufteilung in Verhaltens- und Abfragemodelle, mit der man die Geschäftslogik als wertvollsten Bestandteil einer Anwendung von der Datenbereitstellung für Benutzerschnittstellen und Reporting entkoppelt entwickeln kann.},
	language = {de},
	urldate = {2020-08-10},
	journal = {Developer},
	author = {Heimeshoff, Marco and Jander, Philip},
	month = feb,
	year = {2013},
	file = {Snapshot:/Users/dominicluidold/Zotero/storage/U2RWKQDP/CQRS-neues-Architekturprinzip-zur-Trennung-von-Befehlen-und-Abfragen-1797489.html:text/html}
}

@misc{fowler_cqrs_2011,
	title = {{CQRS}},
	shorttitle = {bliki},
	url = {https://martinfowler.com/bliki/CQRS.html},
	abstract = {CQRS (Command Query Responsibility Segregation) is the notion that you can use a different model to update information than the model you use to read information},
	urldate = {2020-08-10},
	journal = {martinfowler.com},
	author = {Fowler, Martin},
	month = jul,
	year = {2011},
	file = {Snapshot:/Users/dominicluidold/Zotero/storage/ZN2VZ6NA/CQRS.html:text/html}
}

@misc{fowler_commandqueryseparation_2005,
	title = {{CommandQuerySeparation}},
	shorttitle = {bliki},
	url = {https://martinfowler.com/bliki/CommandQuerySeparation.html},
	abstract = {a bliki entry for CommandQuerySeparation},
	urldate = {2020-08-11},
	journal = {martinfowler.com},
	author = {Fowler, Martin},
	month = dec,
	year = {2005},
	file = {Snapshot:/Users/dominicluidold/Zotero/storage/SEP4PL3K/CommandQuerySeparation.html:text/html}
}

@book{ingeno_software_2018,
	address = {Birmingham},
	title = {Software {Architect}'s {Handbook}: {Become} a successful software architect by implementing effective architecture concepts},
	isbn = {978-1-78862-406-0},
	shorttitle = {Software {Architect}'s {Handbook}},
	abstract = {A comprehensive guide to exploring software architecture concepts and implementing best practicesKey FeaturesEnhance your skills to grow your career as a software architectDesign efficient software architectures using patterns and best practicesLearn how software architecture relates to an organization as well as software development methodologyBook DescriptionThe Software Architect’s Handbook is a comprehensive guide to help developers, architects, and senior programmers advance their career in the software architecture domain. This book takes you through all the important concepts, right from design principles to different considerations at various stages of your career in software architecture.The book begins by covering the fundamentals, benefits, and purpose of software architecture. You will discover how software architecture relates to an organization, followed by identifying its significant quality attributes. Once you have covered the basics, you will explore design patterns, best practices, and paradigms for efficient software development.The book discusses which factors you need to consider for performance and security enhancements. You will learn to write documentation for your architectures and make appropriate decisions when considering DevOps. In addition to this, you will explore how to design legacy applications before understanding how to create software architectures that evolve as the market, business requirements, frameworks, tools, and best practices change over time.By the end of this book, you will not only have studied software architecture concepts but also built the soft skills necessary to grow in this field.What you will learnDesign software architectures using patterns and best practicesExplore the different considerations for designing software architectureDiscover what it takes to continuously improve as a software architectCreate loosely coupled systems that can support changeUnderstand DevOps and how it affects software architectureIntegrate, refactor, and re-architect legacy applicationsWho this book is forThe Software Architect’s Handbook is for you if you are a software architect, chief technical officer (CTO), or senior developer looking to gain a firm grasp of software architecture.Table of ContentsThe Meaning of Software ArchitectureSoftware Architecture in an Organization Understanding The DomainSoftware Quality AttributesSoftware Architecture Design Patterns and Best Practices of Software Development Software Architecture Patterns Architecting Modern ApplicationsCrosscutting Concerns Performance Considerations Security Considerations Documenting and Validating Software Architecture DevOps and Software Architecture Architecting Legacy Applications The Soft Skills of Software Architecture Evolutionary Architecture Becoming a Better Software Architect},
	language = {English},
	publisher = {Packt Publishing},
	author = {Ingeno, Joseph},
	month = aug,
	year = {2018}
}
